
@inproceedings{10.1145/1345206.1345227,
author = {Chan, Ernie and Van Zee, Field G. and Bientinesi, Paolo and Quintana-Orti, Enrique S. and Quintana-Orti, Gregorio and van de Geijn, Robert},
title = {SuperMatrix: A Multithreaded Runtime Scheduling System for Algorithms-by-Blocks},
year = {2008},
isbn = {9781595937957},
url = {https://doi.org/10.1145/1345206.1345227},
doi = {10.1145/1345206.1345227},
booktitle = {Proceedings of the 13th ACM SIGPLAN Symposium on Principles and Practice of Parallel Programming},
pages = {123–132},
series = {PPoPP '08}
}
@online{MKL,
title = {Math Kernel Library},
url = {"https://en.wikipedia.org/wiki/Math\_Kernel\_Library"}
}

@article{abdelfattah2016kblas,
  title={Kblas: An optimized library for dense matrix-vector multiplication on gpu accelerators},
  author={Abdelfattah, Ahmad and Keyes, David and Ltaief, Hatem},
  journal={ACM Transactions on Mathematical Software (TOMS)},
  volume={42},
  number={3},
  pages={1--31},
  year={2016},
  publisher={ACM New York, NY, USA}
}


@misc{enwiki:1081728852,
author = "{Wikipedia contributors}",
title = "Tridiagonal matrix --- {Wikipedia}{,} The Free Encyclopedia",
year = "2022",
url = "https://en.wikipedia.org/w/index.php?title=Tridiagonal_matrix&oldid=1081728852",
note = "[Online; accessed 22-April-2022]"
}

@inproceedings{hegde2019d2p,
  title={D2P: From recursive formulations to distributed-memory codes},
  author={Hegde, Nikhil and Chang, Qifan and Kulkarni, Milind},
  booktitle={Proceedings of the International Conference for High Performance Computing, Networking, Storage and Analysis},
  pages={1--22},
  year={2019}
}

@book{Book1,
author = {van de Geijn, Robert},
year = {2008},
month = {01},
title = {The Science of Programming Matrix Computations}
}

@book{low2004api,
  title={An API for manipulating matrices stored by blocks},
  author={Low, Tze Meng and Van de Geijn, Robert A and Note, FLAME Working},
  year={2004},
  publisher={Computer Science Department, University of Texas at Austin}
}

@article{van1997summa,
  title={SUMMA: Scalable universal matrix multiplication algorithm},
  author={Van De Geijn, Robert A and Watts, Jerrell},
  journal={Concurrency: Practice and Experience},
  volume={9},
  number={4},
  pages={255--274},
  year={1997},
  publisher={Wiley Online Library}
}

@article{10.1137/140993478,
author = {Schatz, Martin D. and van de Geijn, Robert A. and Poulson, Jack},
title = {Parallel Matrix Multiplication: A Systematic Journey},
year = {2016},
issn = {1064-8275},
url = {https://doi.org/10.1137/140993478},
doi = {10.1137/140993478},
journal = {SIAM J. Sci. Comput.},
month = {jan},
}

@article{Alpatov1997PLAPACKPL,
title = {PLAPACK Parallel Linear Algebra Package Design Overview},
author = {Phillip Alpatov and Gregory S. Baker and H. Carter Edwards and John A. Gunnels and Greg Morrow and James Overfelt and Robert A. van de Geijn},
journal = {ACM/IEEE SC 1997 Conference (SC'97)},
year = {1997},
pages = {29-29}
}

@book{anderson1999lapack,
  title={LAPACK users' guide},
  author={Anderson, Edward and Bai, Zhaojun and Bischof, Christian and Blackford, L Susan and Demmel, James and Dongarra, Jack and Du Croz, Jeremy and Greenbaum, Anne and Hammarling, Sven and McKenney, Alan and others},
  year={1999},
  publisher={SIAM}
}


@article{goto2008high,
title = {High-performance implementation of the level-3 BLAS},
author = {Goto, Kazushige and Van De Geijn, Robert},
journal = {ACM Transactions on Mathematical Software (TOMS)},
volume = {35},
year = {2008},
publisher = {ACM New York, NY, USA}
}

@inproceedings{ikarashi2022exocompilation,
  title={Exocompilation for productive programming of hardware accelerators},
  author={Ikarashi, Yuka and Bernstein, Gilbert Louis and Reinking, Alex and Genc, Hasan and Ragan-Kelley, Jonathan},
  booktitle={Proceedings of the 43rd ACM SIGPLAN International Conference on Programming Language Design and Implementation},
  pages={703--718},
  year={2022}
}

@article{libflame,
author = {Field G. Van Zee and Ernie Chan and Robert A. van de Geijn and Enrique S. Quintana-Ort{'{\i}} and Gregorio Quintana-Ort{'{\i}}},
title = {The libflame Library for Dense Matrix Computations},
journal = {Comput. Sci. Eng.},
volume = {11},
number = {6},
pages = {56--63},
year = {2009},
url = {https://doi.org/10.1109/MCSE.2009.207},
doi = {10.1109/MCSE.2009.207},
}

@inproceedings{choi1992scalapack,
title = {ScaLAPACK: A scalable linear algebra library for distributed memory concurrent computers},
author = {Choi, Jaeyoung and Dongarra, Jack J and Pozo, Roldan and Walker, David W},
booktitle = {The Fourth Symposium on the Frontiers of Massively Parallel Computation},
pages = {120--121},
year = {1992},
organization = {IEEE Computer Society}
}

@article{ragan2013halide,
  title={Halide: a language and compiler for optimizing parallelism, locality, and recomputation in image processing pipelines},
  author={Ragan-Kelley, Jonathan and Barnes, Connelly and Adams, Andrew and Paris, Sylvain and Durand, Fr{\'e}do and Amarasinghe, Saman},
  journal={Acm Sigplan Notices},
  volume={48},
  number={6},
  pages={519--530},
  year={2013},
  publisher={ACM New York, NY, USA}
}

@inproceedings{fatahalian2004understanding,
  title={Understanding the efficiency of GPU algorithms for matrix-matrix multiplication},
  author={Fatahalian, Kayvon and Sugerman, Jeremy and Hanrahan, Pat},
  booktitle={Proceedings of the ACM SIGGRAPH/EUROGRAPHICS conference on Graphics hardware},
  pages={133--137},
  year={2004}
}

@article{dalton2015optimizing,
  title={Optimizing sparse matrix—matrix multiplication for the gpu},
  author={Dalton, Steven and Olson, Luke and Bell, Nathan},
  journal={ACM Transactions on Mathematical Software (TOMS)},
  volume={41},
  number={4},
  pages={1--20},
  year={2015},
  publisher={ACM New York, NY, USA}
}

@inproceedings{dorrance2014scalable,
  title={A scalable sparse matrix-vector multiplication kernel for energy-efficient sparse-blas on FPGAs},
  author={Dorrance, Richard and Ren, Fengbo and Markovi{\'c}, Dejan},
  booktitle={Proceedings of the 2014 ACM/SIGDA international symposium on Field-programmable gate arrays},
  pages={161--170},
  year={2014}
}

@inproceedings{nagasaka2017high,
  title={High-performance and memory-saving sparse general matrix-matrix multiplication for nvidia pascal gpu},
  author={Nagasaka, Yusuke and Nukada, Akira and Matsuoka, Satoshi},
  booktitle={2017 46th International Conference on Parallel Processing (ICPP)},
  pages={101--110},
  year={2017},
  organization={IEEE}
}

@article{liu2015framework,
  title={A framework for general sparse matrix--matrix multiplication on GPUs and heterogeneous processors},
  author={Liu, Weifeng and Vinter, Brian},
  journal={Journal of Parallel and Distributed Computing},
  volume={85},
  pages={47--61},
  year={2015},
  publisher={Elsevier}
}

@article{mittal2014survey,
  title={A survey of methods for analyzing and improving GPU energy efficiency},
  author={Mittal, Sparsh and Vetter, Jeffrey S},
  journal={ACM Computing Surveys (CSUR)},
  volume={47},
  number={2},
  pages={1--23},
  year={2014},
  publisher={ACM New York, NY, USA}
}

@inproceedings{zhang2015matrix,
  title={Matrix multiplication on high-density multi-GPU architectures: theoretical and experimental investigations},
  author={Zhang, Peng and Gao, Yuxiang},
  booktitle={High Performance Computing: 30th International Conference, ISC High Performance 2015, Frankfurt, Germany, July 12-16, 2015, Proceedings 30},
  pages={17--30},
  year={2015},
  organization={Springer}
}

@INPROCEEDINGS{FPGA5681761,
  author={Betkaoui, Brahim and Thomas, David B. and Luk, Wayne},
  booktitle={2010 International Conference on Field-Programmable Technology}, 
  title={Comparing performance and energy efficiency of FPGAs and GPUs for high productivity computing}, 
  year={2010},
  doi={10.1109/FPT.2010.5681761}}
  
  @inproceedings{betkaoui2010comparing,
  title={Comparing performance and energy efficiency of FPGAs and GPUs for high productivity computing},
  author={Betkaoui, Brahim and Thomas, David B and Luk, Wayne},
  booktitle={2010 International Conference on Field-Programmable Technology},
  pages={94--101},
  year={2010},
  organization={IEEE}
}

@inproceedings{barrachina2008evaluation,
  title={Evaluation and tuning of the level 3 CUBLAS for graphics processors},
  author={Barrachina, Sergio and Castillo, Maribel and Igual, Francisco D and Mayo, Rafael and Quintana-Orti, Enrique S},
  booktitle={2008 IEEE International Symposium on Parallel and Distributed Processing},
  pages={1--8},
  year={2008},
  organization={IEEE}
}


@article{fujimoto2008dense,
  title={Dense matrix-vector multiplication on the CUDA architecture},
  author={Fujimoto, Noriyuki},
  journal={Parallel Processing Letters},
  volume={18},
  number={04},
  pages={511--530},
  year={2008},
  publisher={World Scientific}
}

@inproceedings{nath2011optimizing,
  title={Optimizing symmetric dense matrix-vector multiplication on GPUs},
  author={Nath, Rajib and Tomov, Stanimire and Dong, Tingxing" Tim" and Dongarra, Jack},
  booktitle={Proceedings of 2011 International Conference for High Performance Computing, Networking, Storage and Analysis},
  pages={1--10},
  year={2011}
}

@article{tian2015effective,
  title={Effective simd vectorization for intel xeon phi coprocessors},
  author={Tian, Xinmin and Saito, Hideki and Preis, Serguei V and Garcia, Eric N and Kozhukhov, Sergey S and Masten, Matt and Cherkasov, Aleksei G and Panchenko, Nikolay},
  journal={Scientific Programming},
  volume={2015},
  number={1},
  pages={269764},
  year={2015},
  publisher={Wiley Online Library}
}

@inproceedings{huss1996implementation,
  title={Implementation of Strassen's algorithm for matrix multiplication},
  author={Huss-Lederman, Steven and Jacobson, Elaine M and Tsao, Anna and Turnbull, Thomas and Johnson, Jeremy R},
  booktitle={Proceedings of the 1996 ACM/IEEE Conference on Supercomputing},
  pages={32--es},
  year={1996}
}

@book{barroso2019datacenter,
  title={The datacenter as a computer: Designing warehouse-scale machines},
  author={Barroso, Luiz Andr{\'e} and H{\"o}lzle, Urs and Ranganathan, Parthasarathy},
  year={2019},
  publisher={Springer Nature}
}

@article{van2009libflame,
  title={The libflame library for dense matrix computations},
  author={Van Zee, Field G and Chan, Ernie and Van de Geijn, Robert A and Quintana-Orti, Enrique S and Quintana-Orti, Gregorio},
  journal={Computing in science \& engineering},
  volume={11},
  number={6},
  pages={56--63},
  year={2009},
  publisher={IEEE}
}

@article{kokkos,
  title={Evaluating portable parallelization strategies for heterogeneous architectures in high energy physics},
  author={Atif, Mohammad and Battacharya, Meghna and Calafiura, Paolo and Childers, Taylor and Dewing, Mark and Dong, Zhihua and Gutsche, Oliver and Habib, Salman and Knoepfel, Kyle and Kortelainen, Matti and others},
  journal={arXiv preprint arXiv:2306.15869},
  year={2023}
}

@article{agarwal1989engineering,
  title={Engineering and scientific subroutine library release 3 for IBM ES/3090 vector multiprocessors},
  author={Agarwal, Ramesh C. and Gustavson, Fred G. and McComb, Joan and Schmidt, Stanley},
  journal={IBM Systems Journal},
  volume={28},
  number={2},
  pages={345--350},
  year={1989},
  publisher={IBM}
}

@inproceedings{carter1995hierarchical,
  title={Hierarchical tiling for improved superscalar performance},
  author={Carter, Larry and Ferrante, Jeanne and Hummel, Susan Flynn},
  booktitle={Proceedings of 9th International Parallel Processing Symposium},
  pages={239--245},
  year={1995},
  organization={IEEE}
}

@article{gustavson1997recursion,
  title={Recursion leads to automatic variable blocking for dense linear-algebra algorithms},
  author={Gustavson, Fred G},
  journal={IBM Journal of Research and Development},
  volume={41},
  number={6},
  pages={737--755},
  year={1997},
  publisher={IBM}
}

@inproceedings{chatterjee1999nonlinear,
  title={Nonlinear array layouts for hierarchical memory systems},
  author={Chatterjee, Siddhartha and Jain, Vibhor V and Lebeck, Alvin R and Mundhra, Shyam and Thottethodi, Mithuna},
  booktitle={Proceedings of the 13th international conference on Supercomputing},
  pages={444--453},
  year={1999}
}

@inproceedings{ahmed2000automatic,
  title={Automatic generation of block-recursive codes},
  author={Ahmed, Nawaaz and Pingali, Keshav},
  booktitle={European Conference on Parallel Processing},
  pages={368--378},
  year={2000},
  organization={Springer}
}

@inproceedings{yotov2007experimental,
  title={An experimental comparison of cache-oblivious and cache-conscious programs},
  author={Yotov, Kamen and Roeder, Tom and Pingali, Keshav and Gunnels, John and Gustavson, Fred},
  booktitle={Proceedings of the nineteenth annual ACM symposium on Parallel algorithms and architectures},
  pages={93--104},
  year={2007}
}